@inproceedings{caicedo2015active,
	title={Active object localization with deep reinforcement learning},
	author={Caicedo, Juan C and Lazebnik, Svetlana},
	booktitle={Proceedings of the IEEE International Conference on Computer Vision},
	pages={2488--2496},
	year={2015}
}

